% Here are some examples of different sources to reference.

@article{wolves_of_mount_mckinley,
author = "Murie, A. and Davis, W. B.",
year = "1945",
month = "02",
day = "23",
title = "\textit{The Wolves of Mount McKinley. Fauna of the National Parks of the United States}",
volume = "26",
issue = "1",
pages = "100-101",
journal = "Journal of Mammalogy",
doi = "https://doi.org/10.2307/1375039"
}

@book{machine_learning,
author = "Mitchell, T. M.",
title = "Machine Learning",
year = "1997",
month = "03",
day = "01",
publisher = "McGraw Hill",
pages = "2",
}

@inproceedings{clustering_impossibility,
author = "Kleinberg, J.",
title = "\textit{An Impossibility Theorem for Clustering}",
year = "2002",
publisher = "MIT Press",
address = "Cambridge, MA, USA",
booktitle = "Proceedings of the 15th International Conference on Neural Information Processing Systems",
pages = "463â€“470",
series = "NIPS'02",
}

@article{sheep,
author = "Doughty, A. K. and Horton, B. J. and Nguyen, T.D. and Huyen, C. and Ballagh, R. and Corkrey, R. and Hinch, G. N.",
year = "2018",
month = "03",
day = "07",
title = "\textit{The influence of lameness and individuality on movement patterns in sheep}",
journal = "Elsevier",
url = "https://www.sciencedirect.com/science/article/pii/S0376635717302449",
}


@article{saleh2022computer,
  title={Computer vision and deep learning for fish classification in underwater habitats: A survey},
  author={Saleh, Alzayat and Sheaves, Marcus and Rahimi Azghadi, Mostafa},
  journal={Fish and Fisheries},
  volume={23},
  number={4},
  pages={977--999},
  year={2022},
  publisher={Wiley Online Library}
}

@article{zhao2021application,
  title={Application of machine learning in intelligent fish aquaculture: A review},
  author={Zhao, Shili and Zhang, Song and Liu, Jincun and Wang, He and Zhu, Jia and Li, Daoliang and Zhao, Ran},
  journal={Aquaculture},
  volume={540},
  pages={736724},
  year={2021},
  publisher={Elsevier}
}

@misc{coralModelsImage,
	author = {},
	title = {{M}odels - {I}mage classification | {C}oral --- coral.ai},
	howpublished = {\url{https://coral.ai/models/image-classification/}},
	year = {},
	note = {[Accessed 02-May-2023]},
}

@article{perez2017effectiveness,
  title={The effectiveness of data augmentation in image classification using deep learning},
  author={Perez, Luis and Wang, Jason},
  journal={arXiv preprint arXiv:1712.04621},
  year={2017}
}


@misc{tensorflowTfkeraspreprocessingimageImageDataGeneratorTensorFlow,
	author = {},
	title = {tf.keras.preprocessing.image.{I}mage{D}ata{G}enerator  |  {T}ensor{F}low v2.12.0 --- tensorflow.org},
	howpublished = {\url{https://www.tensorflow.org/api_docs/python/tf/keras/preprocessing/image/ImageDataGenerator#flow}},
	year = {},
	note = {[Accessed 03-May-2023]},
}

@misc{tensorflowEffectiveTensorflow,
	author = {},
	title = {{E}ffective {T}ensorflow 2  |  {T}ensor{F}low {C}ore --- tensorflow.org},
	howpublished = {\url{https://www.tensorflow.org/guide/effective_tf2}},
	year = {},
	note = {[Accessed 04-May-2023]},
}


@article{cocskun2017overview,
  title={An overview of popular deep learning methods},
  author={Co{\c{s}}kun, Musab and YILDIRIM, {\"O}zal and Ay{\c{s}}eg{\"u}l, U{\c{C}}AR and Demir, Yakup},
  journal={European Journal of Technique (EJT)},
  volume={7},
  number={2},
  pages={165--176},
  year={2017}
}

@inproceedings{he2016deep,
  title={Deep residual learning for image recognition},
  author={He, Kaiming and Zhang, Xiangyu and Ren, Shaoqing and Sun, Jian},
  booktitle={Proceedings of the IEEE conference on computer vision and pattern recognition},
  pages={770--778},
  year={2016}
}

@misc{tensorflowTfkerasapplicationsresnet50ResNet50TensorFlow,
	author = {},
	title = {tf.keras.applications.resnet50.{R}es{N}et50  |  {T}ensor{F}low v2.12.0 --- tensorflow.org},
	howpublished = {\url{https://www.tensorflow.org/api_docs/python/tf/keras/applications/resnet50/ResNet50}},
	year = {},
	note = {[Accessed 04-May-2023]},
}

@article{lin2013network,
  title={Network in network},
  author={Lin, Min and Chen, Qiang and Yan, Shuicheng},
  journal={arXiv preprint arXiv:1312.4400},
  year={2013}
}

@article{parhi2020role,
  title={The Role of Neural Network Activation Functions},
  author={Parhi, Rahul and Nowak, Robert D},
  journal={IEEE Signal Processing Letters},
  volume={27},
  year={2020},
  pages={1779--1783}
}

@article{sharma2017activation,
  title={Activation functions in neural networks},
  author={Sharma, Sagar and Sharma, Simone and Athaiya, Anidhya},
  journal={Towards Data Sci},
  volume={6},
  number={12},
  pages={310--316},
  year={2017}
}

@misc{tensorflowTfkerasModelTensorFlow,
	author = {},
	title = {tf.keras.{M}odel  |  {T}ensor{F}low v2.12.0 --- tensorflow.org},
	howpublished = {\url{https://www.tensorflow.org/api_docs/python/tf/keras/Model#compile}},
	year = {},
	note = {[Accessed 04-May-2023]},
}

@article{kingma2014adam,
  title={Adam: A method for stochastic optimization},
  author={Kingma, Diederik P and Ba, Jimmy},
  journal={arXiv preprint arXiv:1412.6980},
  year={2014}
}

@misc{tensorflowTfkerasModelTensorFlows,
	author = {},
	title = {tf.keras.{M}odel  |  {T}ensor{F}low v2.12.0 --- tensorflow.org},
	howpublished = {\url{https://www.tensorflow.org/api_docs/python/tf/keras/Model#fit}},
	year = {},
	note = {[Accessed 04-May-2023]},
}


@misc{tensorflowModuleTfkerasapplicationsmobilenet,
	author = {},
	title = {{M}odule: tf.keras.applications.mobilenet  |  {T}ensor{F}low v2.12.0 --- tensorflow.org},
	howpublished = {\url{https://www.tensorflow.org/api_docs/python/tf/keras/applications/mobilenet}},
	year = {},
	note = {[Accessed 06-May-2023]},
}

@misc{tensorflowModuleTfkerasapplicationsmobilenet_v2,
	author = {},
	title = {{M}odule: tf.keras.applications.mobilenet_v2  |  {T}ensor{F}low v2.12.0 --- tensorflow.org},
	howpublished = {\url{https://www.tensorflow.org/api_docs/python/tf/keras/applications/mobilenet_v2}},
	year = {},
	note = {[Accessed 06-May-2023]},
}

@misc{tensorflowTfkerasapplicationsMobileNetV3LargeTensorFlow,
	author = {},
	title = {tf.keras.applications.{M}obile{N}et{V}3{L}arge  |  {T}ensor{F}low v2.12.0 --- tensorflow.org},
	howpublished = {\url{https://www.tensorflow.org/api_docs/python/tf/keras/applications/MobileNetV3Large}},
	year = {},
	note = {[Accessed 06-May-2023]},
}

@misc{tensorflowTfkerasapplicationsMobileNetV3SmallTensorFlow,
	author = {},
	title = {tf.keras.applications.{M}obile{N}et{V}3{S}mall  |  {T}ensor{F}low v2.12.0 --- tensorflow.org},
	howpublished = {\url{https://www.tensorflow.org/api_docs/python/tf/keras/applications/MobileNetV3Small}},
	year = {},
	note = {[Accessed 06-May-2023]},
}

@misc{tensorflowTfkerasoptimizersAdamTensorFlow,
	author = {},
	title = {tf.keras.optimizers.{A}dam  |  {T}ensor{F}low v2.12.0 --- tensorflow.org},
	howpublished = {\url{https://www.tensorflow.org/api_docs/python/tf/keras/optimizers/Adam}},
	year = {},
	note = {[Accessed 06-May-2023]},
}

@inproceedings{ioffe2015batch,
  title={Batch normalization: Accelerating deep network training by reducing internal covariate shift},
  author={Ioffe, Sergey and Szegedy, Christian},
  booktitle={International conference on machine learning},
  pages={448--456},
  year={2015},
  organization={pmlr}
}

@misc{tensorflowTfkerascallbacksTensorBoardTensorFlow,
	author = {},
	title = {tf.keras.callbacks.{T}ensor{B}oard  |  {T}ensor{F}low v2.12.0 --- tensorflow.org},
	howpublished = {\url{https://www.tensorflow.org/api_docs/python/tf/keras/callbacks/TensorBoard}},
	year = {},
	note = {[Accessed 06-May-2023]},
}
@misc{tensorflowTensorBoardTensorFlow,
	author = {},
	title = {{T}ensor{B}oard  |  {T}ensor{F}low --- tensorflow.org},
	howpublished = {\url{https://www.tensorflow.org/tensorboard}},
	year = {},
	note = {[Accessed 06-May-2023]},
}


@misc{tensorflowTfkerasModelTensorFlowfit,
	author = {},
	title = {tf.keras.{M}odel  |  {T}ensor{F}low v2.12.0 --- tensorflow.org},
	howpublished = {\url{https://www.tensorflow.org/api_docs/python/tf/keras/Model#fit}},
	year = {},
	note = {[Accessed 06-May-2023]},
}

@article{howard2017mobilenets,
  title={MobileNets: Efficient Convolutional Neural Networks for Mobile Vision Applications},
  author={Howard, Andrew G and Zhu, Menglong and Chen, Bo and Kalenichenko, Dmitry and Wang, Weijun and Weyand, Tobias and Andreetto, Marco and Adam, Hartwig},
  journal={arXiv preprint arXiv:1704.04861},
  year={2017}
}

@inproceedings{sandler2018mobilenetv2,
  title={MobileNetV2: Inverted Residuals and Linear Bottlenecks},
  author={Sandler, Mark and Howard, Andrew and Zhu, Menglong and Zhmoginov, Andrey and Chen, Liang-Chieh},
  booktitle={Proceedings of the IEEE Conference on Computer Vision and Pattern Recognition},
  pages={4510--4520},
  year={2018}
}

@article{howard2019searching,
  title={Searching for MobileNetV3},
  author={Howard, Andrew and Sandler, Mark and Chu, Grace and Chen, Liang-Chieh and Chen, Bo and Tan, Mingxing and Wang, Weijun and Zhu, Yukun and Pang, Ruoming and Vasudevan, Vijay and Le, Quoc V. and Adam, Hartwig},
  journal={arXiv preprint arXiv:1905.02244},
  year={2019}
}

@article{ni2019justifying,
  title={Justifying Recommendations using Distantly-Labeled Reviews and Fine-Grained Aspects},
  author={Ni, Jianmo and Li, Jiacheng and McAuley, Julian},
  booktitle={Conference on Empirical Methods in Natural Language Processing and the 9th International Joint Conference on Natural Language Processing (EMNLP-IJCNLP)},
  pages={188--197},
  year={2019}
}

@article{10.1145/3411764.3445673,
author = {Liu, Yaxin and Wang, Zhiyuan and Li, Juanzi},
title = {Comparing Deep Learning Models with Relative Confusion Matrix},
year = {2021},
issue_date = {March 2021},
publisher = {Association for Computing Machinery},
address = {New York, NY, USA},
volume = {8},
number = {1},
issn = {2376-3639},
url = {https://doi.org/10.1145/3411764.3445673},
doi = {10.1145/3411764.3445673},
journal = {Proc. ACM Mach. Learn. Res.},
month={March},
pages={1-29}
}

@article{bradley1997use,
  title={The use of the area under the ROC curve in the evaluation of machine learning algorithms},
  author={Bradley, Andrew P},
  journal={Pattern recognition},
  volume={30},
  number={7},
  pages={1145--1159},
  year={1997},
  publisher={Elsevier}
}

@misc{tensorflowTfkerasmetricsAccuracyTensorFlow,
	author = {},
	title = {tf.keras.metrics.{A}ccuracy  |  {T}ensor{F}low v2.12.0 --- tensorflow.org},
	howpublished = {\url{https://www.tensorflow.org/api_docs/python/tf/keras/metrics/Accuracy}},
	year = {},
	note = {[Accessed 07-May-2023]},
}

@misc{tensorflowTfkerasmetricsPrecisionTensorFlow,
	author = {},
	title = {tf.keras.metrics.{P}recision  |  {T}ensor{F}low v2.12.0 --- tensorflow.org},
	howpublished = {\url{https://www.tensorflow.org/api_docs/python/tf/keras/metrics/Precision}},
	year = {},
	note = {[Accessed 07-May-2023]},
}


@misc{tensorflowTfkerasmetricsRecallTensorFlow,
	author = {},
	title = {tf.keras.metrics.{R}ecall  |  {T}ensor{F}low v2.12.0 --- tensorflow.org},
	howpublished = {\url{https://www.tensorflow.org/api_docs/python/tf/keras/metrics/Recall}},
	year = {},
	note = {[Accessed 07-May-2023]},
}

@misc{scikitlearnSklearnmetricsconfusion_matrix,
	author = {},
	title = {sklearn.metrics.confusion_matrix --- scikit-learn.org},
	howpublished = {\url{https://scikit-learn.org/stable/modules/generated/sklearn.metrics.confusion_matrix.html}},
	year = {},
	note = {[Accessed 07-May-2023]},
}

@misc{scikitlearnSklearnmetricsauc,
	author = {},
	title = {sklearn.metrics.auc --- scikit-learn.org},
	howpublished = {\url{https://scikit-learn.org/stable/modules/generated/sklearn.metrics.auc.html}},
	year = {},
	note = {[Accessed 11-May-2023]},
}

@misc{scikitlearnSklearnmetricsroc_curve,
	author = {},
	title = {sklearn.metrics.roc_curve --- scikit-learn.org},
	howpublished = {\url{https://scikit-learn.org/stable/modules/generated/sklearn.metrics.roc_curve.html}},
	year = {},
	note = {[Accessed 11-May-2023]},
}
@article{spampinato2008detecting,
  title={Detecting, Tracking and Counting Fish in Low Quality Unconstrained Underwater Videos.},
  author={Spampinato, Concetto and Chen-Burger, Yun-Heh and Nadarajan, Gayathri and Fisher, Robert B},
  journal={VISAPP (2)},
  volume={2008},
  number={514-519},
  pages={1},
  year={2008}
}

@inproceedings{xu2018underwater,
  title={Underwater fish detection using deep learning for water power applications},
  author={Xu, Wenwei and Matzner, Shari},
  booktitle={2018 International conference on computational science and computational intelligence (CSCI)},
  pages={313--318},
  year={2018},
  organization={IEEE}
}

@article{lecun1998gradient,
  title={Gradient-based learning applied to document recognition},
  author={LeCun, Yann and Bottou, L{\'e}on and Bengio, Yoshua and Haffner, Patrick},
  journal={Proceedings of the IEEE},
  volume={86},
  number={11},
  pages={2278--2324},
  year={1998},
  publisher={Ieee}
}

@article{cui2020fish,
  title={Fish detection using deep learning},
  author={Cui, Suxia and Zhou, Yu and Wang, Yonghui and Zhai, Lujun},
  journal={Applied Computational Intelligence and Soft Computing},
  volume={2020},
  year={2020},
  publisher={Hindawi}
}


@book{fisher2016fish4knowledge,
  title={Fish4Knowledge: collecting and analyzing massive coral reef fish video data},
  author={Fisher, Robert B and Chen-Burger, Yun-Heh and Giordano, Daniela and Hardman, Lynda and Lin, Fang-Pang and others},
  volume={104},
  year={2016},
  publisher={Springer}
}

@inproceedings{choi2015fish,
  title={Fish Identification in Underwater Video with Deep Convolutional Neural Network: SNUMedinfo at LifeCLEF Fish task 2015.},
  author={Choi, Sungbin},
  booktitle={CLEF (Working Notes)},
  year={2015}
}

@inproceedings{li2015fast,
  title={Fast accurate fish detection and recognition of underwater images with fast r-cnn},
  author={Li, Xiu and Shang, Min and Qin, Hongwei and Chen, Liansheng},
  booktitle={OCEANS 2015-MTS/IEEE Washington},
  pages={1--5},
  year={2015},
  organization={IEEE}
}

@inproceedings{zhang2016unsupervised,
  title={Unsupervised underwater fish detection fusing flow and objectiveness},
  author={Zhang, David and Kopanas, Giorgos and Desai, Chaitanya and Chai, Sek and Piacentino, Michael},
  booktitle={2016 IEEE Winter Applications of Computer Vision Workshops (WACVW)},
  pages={1--7},
  year={2016},
  organization={IEEE}
}


@inproceedings{rathi2017underwater,
  title={Underwater fish species classification using convolutional neural network and deep learning},
  author={Rathi, Dhruv and Jain, Sushant and Indu, S},
  booktitle={2017 Ninth international conference on advances in pattern recognition (ICAPR)},
  pages={1--6},
  year={2017},
  organization={Ieee}
}

@inproceedings{mandal2018assessing,
  title={Assessing fish abundance from underwater video using deep neural networks},
  author={Mandal, Ranju and Connolly, Rod M and Schlacher, Thomas A and Stantic, Bela},
  booktitle={2018 International Joint Conference on Neural Networks (IJCNN)},
  pages={1--6},
  year={2018},
  organization={IEEE}
}

@inproceedings{xu2018underwater,
  title={Underwater fish detection using deep learning for water power applications},
  author={Xu, Wenwei and Matzner, Shari},
  booktitle={2018 International conference on computational science and computational intelligence (CSCI)},
  pages={313--318},
  year={2018},
  organization={IEEE}
}

@article{nair2018under,
  title={Under Water Fish Species Recognition},
  author={Nair, Sarika S and NM, Sreenarayanan and Mon, Fepslin Athish and Suthendran, K},
  journal={International Journal of Pure and Applied Mathematics},
  volume={118},
  number={7},
  pages={357--361},
  year={2018}
}

@article{raveendran2021underwater,
  title={Underwater image enhancement: a comprehensive review, recent trends, challenges and applications},
  author={Raveendran, Smitha and Patil, Mukesh D and Birajdar, Gajanan K},
  journal={Artificial Intelligence Review},
  volume={54},
  number={7},
  pages={5413--5467},
  year={2021},
  publisher={Springer}
}

@article{li2022recent,
  title={Recent advances of deep learning algorithms for aquacultural machine vision systems with emphasis on fish},
  author={Li, Daoliang and Du, Ling},
  journal={Artificial Intelligence Review},
  volume={55},
  number={5},
  pages={4077--4116},
  year={2022},
  publisher={Springer}
}

@article{monkman2019using,
  title={Using machine vision to estimate fish length from images using regional convolutional neural networks},
  author={Monkman, Graham G and Hyder, Kieran and Kaiser, Michel J and Vidal, Franck P},
  journal={Methods in Ecology and Evolution},
  volume={10},
  number={12},
  pages={2045--2056},
  year={2019},
  publisher={Wiley Online Library}
}
@article{yang2021deep,
  title={Deep learning for smart fish farming: applications, opportunities and challenges},
  author={Yang, Xinting and Zhang, Song and Liu, Jintao and Gao, Qinfeng and Dong, Shuanglin and Zhou, Chao},
  journal={Reviews in Aquaculture},
  volume={13},
  number={1},
  pages={66--90},
  year={2021},
  publisher={Wiley Online Library}
}

@article{DLfishfarming,
  title={Deep learning for smart fish farming: applications, opportunities and challenges},
  author={Yang, Xinting and Song, Zhang and Liu, Yiqin and Zhou, Chao},
  journal={Preprint},
  year={2020},
  month={April}
}

@article{zhao2021application,
  title={Application of Machine Learning in Intelligent Fish Aquaculture: A Review},
  author={Zhao, Shili and Zhang, Song and Liu, Jincun and Wang, He and Zhu, Jia and Li, Daoliang and Zhao, Ran},
  journal={Aquaculture},
  volume={531},
  pages={735963},
  year={2021},
  publisher={Elsevier}
}

@article{knausgard2021temperate,
  title={Temperate fish detection and classification: a deep learning based approach},
  author={Knausg{\aa}rd, Kristian Muri and Wiklund, Arne and S{\o}rdalen, Tonje Knutsen and Halvorsen, Kim Tallaksen and Kleiven, Alf Ring and Jiao, Lei and Goodwin, Morten},
  journal={Applied Intelligence},
  volume={51},
  number={4},
  pages={1685--1697},
  year={2021},
  publisher={Springer}
}

@inproceedings{sarker2018fish,
  title={Fish species recognition using deep learning techniques},
  author={Sarker, Md Abu Raihan and Hossain, Md Arman and Sarkar, Md Atiqur Rahman},
  booktitle={Proceedings of the International Conference on Computer Science and Engineering},
  pages={1--6},
  year={2018}
}

@article{kwon2019fish,
  title={Fish classification using deep convolutional neural network with transfer learning},
  author={Kwon, Seungmin and Kim, Jong-Hwan and Lee, Jong-Hoon},
  journal={Journal of Marine Science and Engineering},
  volume={7},
  number={6},
  pages={186},
  year={2019},
  publisher={Multidisciplinary Digital Publishing Institute}
}

@article{jalal2020fish,
  title={Fish detection and species classification in underwater environments using deep learning with temporal information},
  author={Jalal, Ahsan and Salman, Ahmad and Mian, Ajmal and Shortis, Mark and Shafait, Faisal},
  journal={Ecological Informatics},
  volume={57},
  pages={101088},
  year={2020},
  publisher={Elsevier}
}

@article{sun2018novel,
  title={A novel deep learning approach for fish species recognition based on convolutional neural network and softmax regression},
  author={Sun, Y. and Wang, X. and Tang, Y.},
  journal={Journal of Ocean University of China},
  volume={17},
  number={5},
  pages={1079--1084},
  year={2018},
}

@article{kim2016image,
  title={Image-based monitoring of jellyfish using deep learning architecture},
  author={Kim, Hanguen and Koo, Jungmo and Kim, Donghoon and Jung, Sungwook and Shin, Jae-Uk and Lee, Serin and Myung, Hyun},
  journal={IEEE sensors journal},
  volume={16},
  number={8},
  pages={2215--2216},
  year={2016},
  publisher={IEEE}
}

@INPROCEEDINGS{8711657,
  author={M. S. {Hossain} and M. A. {Rahman} and M. A. {Islam} and M. A. {Hossain}},
  booktitle={2019 International Conference on Robotics, Electrical and Signal Processing Techniques (ICREST)},
  title={Underwater Fish Species Recognition Using Deep Learning Techniques},
  year={2019},
  volume={},
  number={},
  pages={1-6},
  doi={10.1109/ICREST.2019.8711657}}

  @article{singh2019fish,
  title={Fish biomass estimation using machine learning techniques},
  author={Singh, SK and Singh, R and Singh, AK and Singh, VK},
  journal={Reviews in Aquaculture},
  volume={11},
  number={3},
  pages={725--739},
  year={2019},
  publisher={Wiley Online Library}
}

@article{chen2021application,
  title={Application of machine learning in intelligent fish aquaculture: A review},
  author={Chen, Yen-Hua and Chen, Chih-Cheng and Chen, Chien-Hung and Lin, Chia-Hung},
  journal={Aquaculture},
  volume={532},
  pages={735998},
  year={2021},
  publisher={Elsevier}
}

@inproceedings{al2018fish,
  title={Fish recognition using convolutional neural network},
  author={Al-Ali, A-R and Al-Sayyed, R and Al-Maadeed, S},
  booktitle={2018 International Conference on Computer and Applications (ICCA)},
  pages={1--5},
  year={2018},
  organization={IEEE}
}

@article{kim2017water,
  title={Water quality prediction using support vector machines},
  author={Kim, Joon-Hong and Kim, Seung-Hyun and Kim, Seong-Jin and Kim, Tae-Woong},
  journal={Journal of Korean Society on Water Environment},
  volume={33},
  number={6},
  pages={423--429},
  year={2017}
}

@article{yang2021deep,
  title={Deep learning for smart fish farming: applications, opportunities and challenges},
  author={Yang, Xinting and Zhang, Song and Liu, Jintao and Gao, Qinfeng and Dong, Shuanglin and Zhou, Chao},
  journal={Reviews in Aquaculture},
  volume={13},
  number={1},
  pages={66--90},
  year={2021},
  publisher={Wiley Online Library}
}

@article{zhou2018handling,
  title={Handling water reflections for computer vision in aquaculture},
  author={Zhou, Chao and Sun, Chuanheng and Lin, Kai and Xu, Daming and Guo, Qiang and Chen, Lan and Yang, Xinting},
  journal={Transactions of the ASABE},
  volume={61},
  number={2},
  pages={469--479},
  year={2018},
  publisher={American Society of Agricultural and Biological Engineers}
}

@article{salman2016fish,
  title={Fish species classification in unconstrained underwater environments based on deep learning},
  author={Salman, Ahmad and Jalal, Ahsan and Shafait, Faisal and Mian, Ajmal and Shortis, Mark and Seager, James and Harvey, Euan},
  journal={Limnology and Oceanography: Methods},
  volume={14},
  number={9},
  pages={570--585},
  year={2016},
  publisher={Wiley Online Library}
}

@article{oosting2019unlocking,
  title={Unlocking the potential of ancient fish DNA in the genomic era},
  author={Oosting, Tom and Star, Bastiaan and Barrett, James H and Wellenreuther, Maren and Ritchie, Peter A and Rawlence, Nicolas J},
  journal={Evolutionary applications},
  volume={12},
  number={8},
  pages={1513--1522},
  year={2019},
  publisher={Wiley Online Library}
}

@article{alcaraz2015herbivory,
  title={Herbivory and seasonal changes in diet of a highly endemic cyprinodontid fish (Aphanius farsicus)},
  author={Alcaraz, Carles and Gholami, Zeinab and Esmaeili, Hamid Reza and Garc{\'\i}a-Berthou, Emili},
  journal={Environmental Biology of Fishes},
  volume={98},
  number={6},
  pages={1541--1554},
  year={2015},
  publisher={Springer}
}

@article{dos2019improving,
  title={Improving Pantanal fish species recognition through taxonomic ranks in convolutional neural networks},
  author={dos Santos, Anderson Aparecido and Gon{\c{c}}alves, Wesley Nunes},
  journal={Ecological Informatics},
  volume={53},
  pages={100977},
  year={2019},
  publisher={Elsevier}
}

@article{mahesh2008feasibility,
  title={Feasibility of near-infrared hyperspectral imaging to differentiate Canadian wheat classes},
  author={Mahesh, S and Manickavasagan, A and Jayas, DS and Paliwal, J and White, NDG},
  journal={Biosystems Engineering},
  volume={101},
  number={1},
  pages={50--57},
  year={2008},
  publisher={Elsevier}
}

@article{zion2012use,
  title={The use of computer vision technologies in aquaculture--a review},
  author={Zion, Boaz},
  journal={Computers and electronics in agriculture},
  volume={88},
  pages={125--132},
  year={2012},
  publisher={Elsevier}
}

@article{rillahan2011behavior,
  title={The behavior of cod (Gadus morhua) in an offshore aquaculture net pen},
  author={Rillahan, Chris and Chambers, Michael D and Howell, W Huntting and Watson III, Winsor H},
  journal={Aquaculture},
  volume={310},
  number={3-4},
  pages={361--368},
  year={2011},
  publisher={Elsevier}
}

@article{papadakis2012computer,
  title={A computer-vision system and methodology for the analysis of fish behavior},
  author={Papadakis, Vassilis M and Papadakis, Ioannis E and Lamprianidou, Fani and Glaropoulos, Alexios and Kentouri, Maroudio},
  journal={Aquacultural engineering},
  volume={46},
  pages={53--59},
  year={2012},
  publisher={Elsevier}
}

@article{marini2018tracking,
  title={Tracking fish abundance by underwater image recognition},
  author={Marini, Simone and Fanelli, Emanuela and Sbragaglia, Valerio and Azzurro, Ernesto and Del Rio Fernandez, Joaquin and Aguzzi, Jacopo},
  journal={Scientific reports},
  volume={8},
  number={1},
  pages={1--12},
  year={2018},
  publisher={Nature Publishing Group}
}
@article{tseng2020automatic,
  title={Automatic measurement of the body length of harvested fish using convolutional neural networks},
  author={Tseng, Chi-Hsuan and Hsieh, Ching-Lu and Kuo, Yan-Fu},
  journal={Biosystems Engineering},
  volume={189},
  pages={36--47},
  year={2020},
  publisher={Elsevier}
}

@article{chen2020feed,
  title={Feed intake prediction model for group fish using the MEA-BP neural network in intensive aquaculture},
  author={Chen, Lan and Yang, Xinting and Sun, Chuanheng and Wang, Yizhong and Xu, Daming and Zhou, Chao},
  journal={Information Processing in Agriculture},
  volume={7},
  number={2},
  pages={261--271},
  year={2020},
  publisher={Elsevier}
}
@article{zhou2018intelligent,
  title={Intelligent feeding control methods in aquaculture with an emphasis on fish: a review},
  author={Zhou, Chao and Xu, Daming and Lin, Kai and Sun, Chuanheng and Yang, Xinting},
  journal={Reviews in Aquaculture},
  volume={10},
  number={4},
  pages={975--993},
  year={2018},
  publisher={Wiley Online Library}
}

@article{yang2021deep,
  title={Deep learning for smart fish farming: applications, opportunities and challenges},
  author={Yang, Xinting and Zhang, Song and Liu, Jintao and Gao, Qinfeng and Dong, Shuanglin and Zhou, Chao},
  journal={Reviews in Aquaculture},
  volume={13},
  number={1},
  pages={66--90},
  year={2021},
  publisher={Wiley Online Library}
}

@article{periola2022edge,
  title={Edge computing for big data processing in underwater applications},
  author={Periola, AA and Alonge, AA and Ogudo, KA},
  journal={Wireless Networks},
  volume={28},
  number={5},
  pages={2255--2271},
  year={2022},
  publisher={Springer}
}

@ARTICLE{8763885,
  author={Chen, Jiasi and Ran, Xukan},
  journal={Proceedings of the IEEE}, 
  title={Deep Learning With Edge Computing: A Review}, 
  year={2019},
  volume={107},
  number={8},
  pages={1655-1674},
  doi={10.1109/JPROC.2019.2921977}}
